@article{Schwarz1978,
	title={Estimating the dimension of a model},
	author={Schwarz, Gideon},
	journal={The Annals of Statistics},
	pages={461-464},
	year={1978},
	volume = {6}
}

@book{Luetkepohl2005,
	title={New Introduction to Multiple Time Series Analysis},
	author={L{\"u}tkepohl, Helmut},
	year={2005},
	publisher={Springer}
}
